@string{JCGS = "Journal of Computational and Graphical Statistics"}
@string{JRSSB = "Journal of the Royal Statistical Society, Series B"}
@string{JMLR = "Journal of Machine Learning Research"}
@string{biostat = "Biostatistics"}
@string{JASA = "Journal of the American Statistical Asscociation"}
@string{AS = "Applied Statistics"}
@string{biomet = "Biometrics"}
@string{AOS = "Annals of Statistics"}
@string{AOAS = "Annals of Applied Statistics"}
@string{BS = "Bayesian Statistics"}
@string{tech = "Technometrics"}
@string{EJS = "Electronic Journal of Statistics"}
@string{SS = "Statistica Sinica"}
@string{BA = "Bayesian Analysis"}
@string{PNAS = "Proceedings of the National Academy of Sciences"}

@article{wong2017lasso,
  title={Lasso Guarantees for beta -Mixing Heavy Tailed Time Series},
  author={Wong, Kam Chung and Tewari, Ambuj},
  journal={arXiv preprint arXiv:1708.01505},
  year={2017}
}


@article{Basu2015,
 author = {Basu, Sumanta and Michailidis, George},
 title = {Regularized estimation in sparse high-dimensional time series models},
 year = {2015},
 Journal = {Annals of Statistics},
 Volume = {43},
 Number = {4},
 Page = {1535-1567},
}

@article{euan2016hierarchical,
  title={The hierarchical spectral merger algorithm: a new time series clustering procedure},
  author={Euan, Carolina and Ombao, Hernando and Ortega, Joaquin},
  journal={arXiv preprint arXiv:1609.08569},
  year={2016}
}




@book{brockwell2013time,
  title={Time series: theory and methods},
  author={Brockwell, Peter J and Davis, Richard A},
  year={2013},
  publisher={Springer Science \& Business Media}
}

@article{bickel2008covariance,
  title={Covariance regularization by thresholding},
  author={Bickel, Peter J and Levina, Elizaveta},
  journal={The Annals of Statistics},
  pages={2577--2604},
  year={2008},
  publisher={JSTOR}
}



@article{ombao2001smoothing,
  title={A simple generalised crossvalidation method of span selection for periodogram smoothing},
  author={Ombao, Hernando C. and Raz, Jonathan A. and Strawderman, Robert L. and von Sachs, Rainer},
  journal={Biometrika},
  volume={88},
  number={4},
  pages={1186--1192},
  year={2001}
}

@article{shu2014estimation,
  title={Estimation of Large Covariance and Precision Matrices from Temporally Dependent Observations},
  author={Shu, Hai and Nan, Bin},
  journal={arXiv preprint arXiv:1412.5059},
  year={2014}
}


@article{rothman2009generalized,
  title={Generalized thresholding of large covariance matrices},
  author={Rothman, Adam J and Levina, Elizaveta and Zhu, Ji},
  journal={Journal of the American Statistical Association},
  volume={104},
  number={485},
  pages={177--186},
  year={2009},
  publisher={Taylor \& Francis}
}

@book{rosenblatt1985stationary,
  title={Stationary sequences and random fields},
  author={Rosenblatt, Murray},
  year={1985},
  publisher={Springer}
}

@article{rigollet201518,
  title={18. S997: High Dimensional Statistics},
  author={Rigollet, Philippe},
  year={2015}
}

@article{erdHos2012bulk,
  title={Bulk universality for generalized Wigner matrices},
  author={Erd{\H{o}}s, L{\'a}szl{\'o} and Yau, Horng-Tzer and Yin, Jun},
  journal={Probability Theory and Related Fields},
  pages={1--67},
  year={2012},
  publisher={Springer}
}



@article{vu2015random,
  title={Random weighted projections, random quadratic forms and random eigenvectors},
  author={Vu, Van and Wang, Ke},
  journal={Random Structures \& Algorithms},
  volume={47},
  number={4},
  pages={792--821},
  year={2015},
  publisher={Wiley Online Library}
}

@article{rudelson2013hanson,
  title={Hanson-Wright inequality and sub-gaussian concentration},
  author={Rudelson, Mark and Vershynin, Roman},
  journal={Electronic Communications in Probability},
  volume={18},
  year={2013},
  publisher={The Institute of Mathematical Statistics and the Bernoulli Society}
}

@article{bowyer2016coherence,
  title={Coherence a measure of the brain networks: past and present},
  author={Bowyer, Susan M},
  journal={Neuropsychiatric Electrophysiology},
  volume={2},
  number={1},
  pages={1},
  year={2016},
  publisher={BioMed Central}
}

@book{brillinger1981time,
  title={Time series: data analysis and theory},
  author={Brillinger, David R},
  volume={36},
  year={1981},
  publisher={Siam}
}

@article{dahlhaus1997identification,
  title={Identification of synaptic connections in neural ensembles by graphical models},
  author={Dahlhaus, Rainer and Eichler, Michael and Sandk{\"u}hler, J{\"u}rgen},
  journal={Journal of neuroscience methods},
  volume={77},
  number={1},
  pages={93--107},
  year={1997},
  publisher={Elsevier}
}

@article{dahlhaus2003causality,
  title={Causality and graphical models in time series analysis},
  author={Dahlhaus, Rainer and Eichler, Michael},
  journal={Oxford Statistical Science Series},
  pages={115--137},
  year={2003},
  publisher={Citeseer}
}



@article{eichler2007frequency,
  title={A frequency-domain based test for non-correlation between stationary time series},
  author={Eichler, Michael},
  journal={Metrika},
  volume={65},
  number={2},
  pages={133--157},
  year={2007},
  publisher={Springer}
}


@article{wu2015uniform,
  title={Uniform convergence of multivariate spectral density estimates},
  author={Wu, Wei Biao and Zaffaroni, Paolo},
  journal={arXiv preprint arXiv:1505.03659},
  year={2015}
}

@article {zuo2010growing,
	author = {Zuo, Xi-Nian and Kelly, Clare and Di Martino, Adriana and Mennes, Maarten and Margulies, Daniel S. and Bangaru, Saroja and Grzadzinski, Rebecca and Evans, Alan C. and Zang, Yu-Feng and Castellanos, F. Xavier and Milham, Michael P.},
	title = {Growing Together and Growing Apart: Regional and Sex Differences in the Lifespan Developmental Trajectories of Functional Homotopy},
	volume = {30},
	number = {45},
	pages = {15034--15043},
	year = {2010},
	doi = {10.1523/JNEUROSCI.2612-10.2010},
	journal = {Journal of Neuroscience}
}

@article{granger1969investigating,
  title={Investigating causal relations by econometric models and cross-spectral methods},
  author={Granger, Clive WJ},
  journal={Econometrica: Journal of the Econometric Society},
  pages={424--438},
  year={1969},
  publisher={JSTOR}
}


@article {Kuceyeski2018functional,
	author = {Kuceyeski, Amy and Jamison, Keith W and Owen, Julia and Raj, Ashish and Mukherjee, Pratik},
	title = {Functional rerouting via the structural connectome is associated with better recovery after mild TBI},
	year = {2018},
	doi = {10.1101/320515},
	URL = {https://www.biorxiv.org/content/early/2018/05/18/320515},
	journal = {bioRxiv}
}


@article{bohm2009shrinkage,
  title={Shrinkage estimation in the frequency domain of multivariate time series},
  author={B{\"o}hm, Hilmar and von Sachs, Rainer},
  journal={Journal of Multivariate Analysis},
  volume={100},
  number={5},
  pages={913--935},
  year={2009},
  publisher={Elsevier}
}

@article{ledoit2004well,
  title={A well-conditioned estimator for large-dimensional covariance matrices},
  author={Ledoit, Olivier and Wolf, Michael},
  journal={Journal of multivariate analysis},
  volume={88},
  number={2},
  pages={365--411},
  year={2004},
  publisher={Elsevier}
}



@article{bohm2008structural,
  title={Structural shrinkage of nonparametric spectral estimators for multivariate time series},
  author={B{\"o}hm, Hilmar and Von Sachs, Rainer},
  journal={Electronic Journal of Statistics},
  volume={2},
  pages={696--721},
  year={2008},
  publisher={The Institute of Mathematical Statistics and the Bernoulli Society}
}

@article{guo2016high,
  title={High-dimensional and banded vector autoregressions},
  author={Guo, Shaojun and Wang, Yazhen and Yao, Qiwei},
  journal={Biometrika},
  pages={asw046},
  year={2016},
  publisher={Oxford University Press}
}

@book{golub2012matrix,
  title={Matrix computations},
  author={Golub, Gene H and Van Loan, Charles F},
  volume={3},
  year={2012},
  publisher={JHU Press}
}

@article{whittle1953analysis,
  title={The analysis of multiple stationary time series},
  author={Whittle, Peter},
  journal={Journal of the Royal Statistical Society. Series B (Methodological)},
  pages={125--139},
  year={1953},
  publisher={JSTOR}
}

@article{FiniteTimeIdentification2017,
  title={Finite time identification in unstable linear systems},
  author={Faradonbeh, Mohamad Kazem Shirani and Tewari, Ambuj and Michailidis, George},
  journal={Automatica},
  volume={96},
  pages={342--353},
  year={2018},
  publisher={Elsevier}
}


@article{guo2016high,
  title={High-dimensional and banded vector autoregressions},
  author={Guo, Shaojun and Wang, Yazhen and Yao, Qiwei},
  journal={Biometrika},
  pages={asw046},
  year={2016},
  publisher={Oxford University Press}
}

@article{lusparse,
  title={Sparse Principal Component Analysis in Frequency Domain for Time Series},
  author={Lu, Junwei and Chen, Yichen and Zhu, Xiuneng and Han, Fang and Liu, Han}
}

@inproceedings{wang2013sparse,
  title={Sparse principal component analysis for high dimensional multivariate time series},
  author={Wang, Zhaoran and Han, Fang and Liu, Han},
  booktitle={Artificial Intelligence and Statistics},
  pages={48--56},
  year={2013}
}

@article{bhatia1990bounds,
  title={Bounds for the variation of the roots of a polynomial and the eigenvalues of a matrix},
  author={Bhatia, Rajendra and Elsner, Ludwig and Krause, Gerd},
  journal={Linear algebra and its applications},
  volume={142},
  pages={195--209},
  year={1990},
  publisher={Elsevier}
}

@article{bordier2017graph,
  title={Graph analysis and modularity of brain functional connectivity networks: searching for the optimal threshold},
  author={Bordier, C{\'e}cile and Nicolini, Carlo and Bifone, Angelo},
  journal={Frontiers in neuroscience},
  volume={11},
  pages={441},
  year={2017},
  publisher={Frontiers}
}

@article{tao2017random,
  title={Random matrices have simple spectrum},
  author={Tao, Terence and Vu, Van},
  journal={Combinatorica},
  volume={37},
  number={3},
  pages={539--553},
  year={2017},
  publisher={Springer}
}

@article{cai2011adaptive,
  title={Adaptive thresholding for sparse covariance matrix estimation},
  author={Cai, Tony and Liu, Weidong},
  journal={Journal of the American Statistical Association},
  volume={106},
  number={494},
  pages={672--684},
  year={2011},
  publisher={Taylor \& Francis}
}

@article{cai2016rates,
author = "Cai, T. Tony and Ren, Zhao and Zhou, Harrison H.",
doi = "10.1214/15-EJS1081",
fjournal = "Electronic Journal of Statistics",
journal = "Electron. J. Statist.",
number = "1",
pages = "1--59",
publisher = "The Institute of Mathematical Statistics and the Bernoulli Society",
title = "Estimating structured high-dimensional covariance and precision matrices: Optimal rates and adaptive estimation",
volume = "10",
year = "2016"
}

@article{cai2012minimax,
 author = {T. Tony Cai and Harrison H. Zhou},
 journal = {Statistica Sinica},
 number = {4},
 pages = {1319--1349},
 publisher = {Institute of Statistical Science, Academia Sinica},
 title = {MINIMAX ESTIMATION OF LARGE COVARIANCE MATRICES UNDER $\ell_1$-NORM},
 volume = {22},
 year = {2012}
}

@article{lee1997span,
 author = {Thomas C. M. Lee},
 journal = {Biometrika},
 number = {4},
 pages = {965--969},
 publisher = {[Oxford University Press, Biometrika Trust]},
 title = {A Simple Span Selector for Periodogram Smoothing},
 volume = {84},
 year = {1997}
}

@article{larson2010introduction,
  title={Introduction to information retrieval},
  author={Larson, Ray R},
  journal={Journal of the American Society for Information Science and Technology},
  volume={61},
  number={4},
  pages={852--853},
  year={2010},
  publisher={Wiley Online Library}
}

@misc{van2016lecture,
  title={“Lecture notes on sparsity},
  author={van de Geer, Sara},
  year={2016}
}


@article{fiecas2016dynamic,
author = {Mark Fiecas and Hernando Ombao},
title = {Modeling the Evolution of Dynamic Brain Processes During an Associative Learning Experiment},
journal = {Journal of the American Statistical Association},
volume = {111},
number = {516},
pages = {1440-1453},
year  = {2016},
publisher = {Taylor & Francis}
}
}


@article{bradley2005basic,
  title={Basic properties of strong mixing conditions. A survey and some open questions},
  author={Bradley, Richard C.},
  journal={Probability surveys},
  volume={2},
  pages={107--144},
  year={2005},
  publisher={The Institute of Mathematical Statistics and the Bernoulli Society}
}

@article{fiecas2014datadriven,
author = {Fiecas, Mark and von Sachs, Rainer},
doi = {10.1214/14-EJS977},
fjournal = {Electronic Journal of Statistics},
journal = {Electron. J. Statist.},
number = {2},
pages = {2975--3003},
publisher = {The Institute of Mathematical Statistics and the Bernoulli Society},
title = {Data-driven shrinkage of the spectral density matrix of a high-dimensional time series},
url = {https://doi.org/10.1214/14-EJS977},
volume = {8},
year = {2014}
}

@inproceedings{zhou2016accelerating,
  title={Accelerating online cp decompositions for higher order tensors},
  author={Zhou, Shuo and Vinh, Nguyen Xuan and Bailey, James and Jia, Yunzhe and Davidson, Ian},
  booktitle={Proceedings of the 22nd ACM SIGKDD International Conference on Knowledge Discovery and Data Mining},
  pages={1375--1384},
  year={2016},
  organization={ACM}
}

@article{jung2015learning,
  title={Learning the conditional independence structure of stationary time series: A multitask learning approach},
  author={Jung, Alexander},
  journal={IEEE Transactions on Signal Processing},
  volume={63},
  number={21},
  pages={5677--5690},
  year={2015},
  publisher={IEEE}
}

@article{jung2015graphical,
  title={Graphical lasso based model selection for time series},
  author={Jung, Alexander and Hannak, Gabor and Goertz, Norbert},
  journal={IEEE Signal Processing Letters},
  volume={22},
  number={10},
  pages={1781--1785},
  year={2015},
  publisher={IEEE}
}


