
@article{battaglino2018practical,
	title={A practical randomized CP tensor decomposition},
	author={Battaglino, Casey and Ballard, Grey and Kolda, Tamara G},
	journal={SIAM Journal on Matrix Analysis and Applications},
	volume={39},
	number={2},
	pages={876--901},
	year={2018},
	publisher={SIAM}
}

@article{wright2009robust,
	title={Robust face recognition via sparse representation},
	author={Wright, John and Yang, Allen Y and Ganesh, Arvind and Sastry, S Shankar and Ma, Yi},
	journal={IEEE transactions on pattern analysis and machine intelligence},
	volume={31},
	number={2},
	pages={210--227},
	year={2009},
	publisher={IEEE}
}

@article{liu2006random,
	title={Random projection-based multiplicative data perturbation for privacy preserving distributed data mining},
	author={Liu, Kun and Kargupta, Hillol and Ryan, Jessica},
	journal={IEEE Transactions on knowledge and Data Engineering},
	volume={18},
	number={1},
	pages={92--106},
	year={2006},
	publisher={IEEE}
}

@article{buhler2002finding,
	title={Finding motifs using random projections},
	author={Buhler, Jeremy and Tompa, Martin},
	journal={Journal of computational biology},
	volume={9},
	number={2},
	pages={225--242},
	year={2002},
	publisher={Mary Ann Liebert, Inc.}
}

@article{papadimitriou2000latent,
	title={Latent semantic indexing: A probabilistic analysis},
	author={Papadimitriou, Christos H and Raghavan, Prabhakar and Tamaki, Hisao and Vempala, Santosh},
	journal={Journal of Computer and System Sciences},
	volume={61},
	number={2},
	pages={217--235},
	year={2000},
	publisher={Elsevier}
}

@article{allen2014sparse,
	title={Sparse sign-consistent Johnson--Lindenstrauss matrices: Compression with neuroscience-based constraints},
	author={Allen-Zhu, Zeyuan and Gelashvili, Rati and Micali, Silvio and Shavit, Nir},
	journal={Proceedings of the National Academy of Sciences},
	volume={111},
	number={47},
	pages={16872--16876},
	year={2014},
	publisher={National Acad Sciences}
}

@article{johnson1984extensions,
	title={Extensions of Lipschitz mappings into a Hilbert space},
	author={Johnson, William B and Lindenstrauss, Joram},
	journal={Contemporary mathematics},
	volume={26},
	number={189-206},
	pages={1},
	year={1984}
}

@inproceedings{indyk1998approximate,
	title={Approximate nearest neighbors: towards removing the curse of dimensionality},
	author={Indyk, Piotr and Motwani, Rajeev},
	booktitle={Proceedings of the thirtieth annual ACM symposium on Theory of computing},
	pages={604--613},
	year={1998},
	organization={ACM}
}

@article{achlioptas2003database,
	title={Database-friendly random projections: Johnson-Lindenstrauss with binary coins},
	author={Achlioptas, Dimitris},
	journal={Journal of computer and System Sciences},
	volume={66},
	number={4},
	pages={671--687},
	year={2003},
	publisher={Elsevier}
}

@inproceedings{li2006very,
	title={Very sparse random projections},
	author={Li, Ping and Hastie, Trevor J and Church, Kenneth W},
	booktitle={Proceedings of the 12th ACM SIGKDD international conference on Knowledge discovery and data mining},
	pages={287--296},
	year={2006},
	organization={ACM}
}

@inproceedings{ailon2006approximate,
	title={Approximate nearest neighbors and the fast Johnson-Lindenstrauss transform},
	author={Ailon, Nir and Chazelle, Bernard},
	booktitle={Proceedings of the thirty-eighth annual ACM symposium on Theory of computing},
	pages={557--563},
	year={2006},
	organization={ACM}
}

@article{tropp2011improved,
	title={Improved analysis of the subsampled randomized Hadamard transform},
	author={Tropp, Joel A},
	journal={Advances in Adaptive Data Analysis},
	volume={3},
	number={01n02},
	pages={115--126},
	year={2011},
	publisher={World Scientific}
}

@inproceedings{sarlos2006improved,
	title={Improved approximation algorithms for large matrices via random projections},
	author={Sarlos, Tamas},
	booktitle={Foundations of Computer Science, 2006. FOCS'06. 47th Annual IEEE Symposium on},
	pages={143--152},
	year={2006},
	organization={IEEE}
}

@article{halko2011finding,
	title={Finding structure with randomness: Probabilistic algorithms for constructing approximate matrix decompositions},
	author={Halko, Nathan and Martinsson, Per-Gunnar and Tropp, Joel A},
	journal={SIAM review},
	volume={53},
	number={2},
	pages={217--288},
	year={2011},
	publisher={SIAM}
}

@book{liberty2009accelerated,
	title={Accelerated dense random projections},
	author={Liberty, Edo},
	year={2009},
	publisher={Citeseer}
}

@inproceedings{nguyen2009fast,
	title={A fast and efficient algorithm for low-rank approximation of a matrix},
	author={Nguyen, Nam H and Do, Thong T and Tran, Trac D},
	booktitle={Proceedings of the forty-first annual ACM symposium on Theory of computing},
	pages={215--224},
	year={2009},
	organization={ACM}
}

@article{ailon2013almost,
	title={An almost optimal unrestricted fast Johnson-Lindenstrauss transform},
	author={Ailon, Nir and Liberty, Edo},
	journal={ACM Transactions on Algorithms (TALG)},
	volume={9},
	number={3},
	pages={21},
	year={2013},
	publisher={ACM}
}

@article{krahmer2011new,
	title={New and improved Johnson--Lindenstrauss embeddings via the restricted isometry property},
	author={Krahmer, Felix and Ward, Rachel},
	journal={SIAM Journal on Mathematical Analysis},
	volume={43},
	number={3},
	pages={1269--1281},
	year={2011},
	publisher={SIAM}
}

@article{milasevic1987uniqueness,
	title={Uniqueness of the spatial median},
	author={Milasevic, P and Ducharme, GR and others},
	journal={The Annals of Statistics},
	volume={15},
	number={3},
	pages={1332--1333},
	year={1987},
	publisher={Institute of Mathematical Statistics}
}

@book{antoch2010nonparametrics,
	title={Nonparametrics and Robustness in Modern Statistical Inference and Time Series Analysis: a Festschrift in Honor of Professor Jana Jurekov{\'a}},
	author={Antoch, J and Hukov{\'a}, M and Sen, PK},
	year={2010},
	publisher={Institute of Mathematical Statistics}
}

@article{chen2017distributed,
	title={Distributed statistical machine learning in adversarial settings: Byzantine gradient descent},
	author={Chen, Yudong and Su, Lili and Xu, Jiaming},
	journal={Proceedings of the ACM on Measurement and Analysis of Computing Systems},
	volume={1},
	number={2},
	pages={44},
	year={2017},
	publisher={ACM}
}

@article{minsker2015geometric,
	title={Geometric median and robust estimation in Banach spaces},
	author={Minsker, Stanislav and others},
	journal={Bernoulli},
	volume={21},
	number={4},
	pages={2308--2335},
	year={2015},
	publisher={Bernoulli Society for Mathematical Statistics and Probability}
}

@article{feng2014distributed,
	title={Distributed robust learning},
	author={Feng, Jiashi and Xu, Huan and Mannor, Shie},
	journal={arXiv preprint arXiv:1409.5937},
	year={2014}
}

@article{woodruff2014sketching,
	title={Sketching as a tool for numerical linear algebra},
	author={Woodruff, David P and others},
	journal={Foundations and Trends{\textregistered} in Theoretical Computer Science},
	volume={10},
	number={1--2},
	pages={1--157},
	year={2014},
	publisher={Now Publishers, Inc.}
}


@inproceedings{kaban2015improved,
	title={Improved bounds on the dot product under random projection and random sign projection},
	author={Kaban, Ata},
	booktitle={Proceedings of the 21th ACM SIGKDD International Conference on Knowledge Discovery and Data Mining},
	pages={487--496},
	year={2015},
	organization={ACM}
}

@article{rudelson2013hanson,
	title={Hanson-Wright inequality and sub-gaussian concentration},
	author={Rudelson, Mark and Vershynin, Roman and others},
	journal={Electronic Communications in Probability},
	volume={18},
	year={2013},
	publisher={The Institute of Mathematical Statistics and the Bernoulli Society}
}

@article{erdHos2012bulk,
	title={Bulk universality for generalized Wigner matrices},
	author={Erd{\H{o}}s, L{\'a}szl{\'o} and Yau, Horng-Tzer and Yin, Jun},
	journal={Probability Theory and Related Fields},
	volume={154},
	number={1-2},
	pages={341--407},
	year={2012},
	publisher={Springer}
}

@article{de2000multilinear,
	title={A multilinear singular value decomposition},
	author={De Lathauwer, Lieven and De Moor, Bart and Vandewalle, Joos},
	journal={SIAM journal on Matrix Analysis and Applications},
	volume={21},
	number={4},
	pages={1253--1278},
	year={2000},
	publisher={SIAM}
}

@inproceedings{wang2015fast,
	title={Fast and guaranteed tensor decomposition via sketching},
	author={Wang, Yining and Tung, Hsiao-Yu and Smola, Alexander J and Anandkumar, Anima},
	booktitle={Advances in Neural Information Processing Systems},
	pages={991--999},
	year={2015}
}

@inproceedings{bingham2001random,
	title={Random projection in dimensionality reduction: applications to image and text data},
	author={Bingham, Ella and Mannila, Heikki},
	booktitle={Proceedings of the seventh ACM SIGKDD international conference on Knowledge discovery and data mining},
	pages={245--250},
	year={2001},
	organization={ACM}
}
@inproceedings{fradkin2003experiments,
	title={Experiments with random projections for machine learning},
	author={Fradkin, Dmitriy and Madigan, David},
	booktitle={Proceedings of the ninth ACM SIGKDD international conference on Knowledge discovery and data mining},
	pages={517--522},
	year={2003},
	organization={ACM}
}

@inproceedings{sahin2005prism,
	title={PRISM: indexing multi-dimensional data in P2P networks using reference vectors},
	author={Sahin, Ozgur D and Gulbeden, Aziz and Emek{\c{c}}i, Fatih and Agrawal, Divyakant and El Abbadi, Amr},
	booktitle={Proceedings of the 13th annual ACM international conference on Multimedia},
	pages={946--955},
	year={2005},
	organization={ACM}
}

@inproceedings{kaski1998dimensionality,
	title={Dimensionality reduction by random mapping: Fast similarity computation for clustering},
	author={Kaski, Samuel},
	booktitle={Neural networks proceedings, 1998. ieee world congress on computational intelligence. the 1998 ieee international joint conference on},
	volume={1},
	pages={413--418},
	year={1998},
	organization={IEEE}
}

@inproceedings{barron2009automatic,
	title={On automatic plagiarism detection based on n-grams comparison},
	author={Barr{\'o}n-Cede{\~n}o, Alberto and Rosso, Paolo},
	booktitle={European Conference on Information Retrieval},
	pages={696--700},
	year={2009},
	organization={Springer}
}

@article{matsumoto1998mersenne,
	title={Mersenne twister: a 623-dimensionally equidistributed uniform pseudo-random number generator},
	author={Matsumoto, Makoto and Nishimura, Takuji},
	journal={ACM Transactions on Modeling and Computer Simulation (TOMACS)},
	volume={8},
	number={1},
	pages={3--30},
	year={1998},
	publisher={ACM}
}


@article{battaglino2018practical,
	title={A practical randomized CP tensor decomposition},
	author={Battaglino, Casey and Ballard, Grey and Kolda, Tamara G},
	journal={SIAM Journal on Matrix Analysis and Applications},
	volume={39},
	number={2},
	pages={876--901},
	year={2018},
	publisher={SIAM}
}


@article{rudelson2012row,
	title={Row products of random matrices},
	author={Rudelson, Mark},
	journal={Advances in Mathematics},
	volume={231},
	number={6},
	pages={3199--3231},
	year={2012},
	publisher={Elsevier}
}

@inproceedings{meng2013low,
	title={Low-distortion subspace embeddings in input-sparsity time and applications to robust linear regression},
	author={Meng, Xiangrui and Mahoney, Michael W},
	booktitle={Proceedings of the forty-fifth annual ACM symposium on Theory of computing},
	pages={91--100},
	year={2013},
	organization={ACM}
}

@article{bourgain2015toward,
	title={Toward a unified theory of sparse dimensionality reduction in euclidean space},
	author={Bourgain, Jean and Dirksen, Sjoerd and Nelson, Jelani},
	journal={Geometric and Functional Analysis},
	volume={25},
	number={4},
	pages={1009--1088},
	year={2015},
	publisher={Springer}
}

@article{kolda2009tensor,
	title={Tensor decompositions and applications},
	author={Kolda, Tamara G and Bader, Brett W},
	journal={SIAM review},
	volume={51},
	number={3},
	pages={455--500},
	year={2009},
	publisher={SIAM}
}

@article{wang2012semi,
	title={Semi-supervised hashing for large-scale search},
	author={Wang, Jun and Kumar, Sanjiv and Chang, Shih-Fu},
	journal={IEEE Transactions on Pattern Analysis and Machine Intelligence},
	volume={34},
	number={12},
	pages={2393--2406},
	year={2012},
	publisher={IEEE}
}


@inproceedings{jegou2008hamming,
	title={Hamming embedding and weak geometric consistency for large scale image search},
	author={Jegou, Herve and Douze, Matthijs and Schmid, Cordelia},
	booktitle={European conference on computer vision},
	pages={304--317},
	year={2008},
	organization={Springer}
}


@article{mahoney2011randomized,
	title={Randomized algorithms for matrices and data},
	author={Mahoney, Michael W and others},
	journal={Foundations and Trends{\textregistered} in Machine Learning},
	volume={3},
	number={2},
	pages={123--224},
	year={2011},
	publisher={Now Publishers, Inc.}
}

@article{woolfe2008fast,
	title={A fast randomized algorithm for the approximation of matrices},
	author={Woolfe, Franco and Liberty, Edo and Rokhlin, Vladimir and Tygert, Mark},
	journal={Applied and Computational Harmonic Analysis},
	volume={25},
	number={3},
	pages={335--366},
	year={2008},
	publisher={Elsevier}
}


@article{yurtsever2017sketchy,
	title={Sketchy decisions: Convex low-rank matrix optimization with optimal storage},
	author={Yurtsever, Alp and Udell, Madeleine and Tropp, Joel A and Cevher, Volkan},
	journal={arXiv preprint arXiv:1702.06838},
	year={2017}
}


@article{tropp2017practical,
	title={Practical sketching algorithms for low-rank matrix approximation},
	author={Tropp, Joel A and Yurtsever, Alp and Udell, Madeleine and Cevher, Volkan},
	journal={SIAM Journal on Matrix Analysis and Applications},
	volume={38},
	number={4},
	pages={1454--1485},
	year={2017},
	publisher={SIAM}
}


@techreport{Tropp2019-SketchingScientificSimulation,
	author = {Tropp, J.A. and Yurtsever, A. and Udell, M. and Cevher, V.},
	title = {Streaming Low-Rank Matrix Approximation with an Application to Scientific Simulation},
	school = {arXiv:1902.08651},
	year = {2019},
	url = {https://arxiv.org/pdf/1902.08651.pdf}
}


@article{sun2019low,
	title={Low-Rank Tucker Approximation of a Tensor From Streaming Data},
	author={Sun, Yiming and Guo, Yang and Luo, Charlene and Tropp, Joel and Udell, Madeleine},
	journal={arXiv preprint arXiv:1904.10951},
	year={2019}
}


@article{arriaga2006algorithmic,
	title={An algorithmic theory of learning: Robust concepts and random projection},
	author={Arriaga, Rosa I and Vempala, Santosh},
	journal={Machine Learning},
	volume={63},
	number={2},
	pages={161--182},
	year={2006},
	publisher={Springer}
}

@inproceedings{ailon2006approximate,
	title={Approximate nearest neighbors and the fast Johnson-Lindenstrauss transform},
	author={Ailon, Nir and Chazelle, Bernard},
	booktitle={Proceedings of the thirty-eighth annual ACM symposium on Theory of computing},
	pages={557--563},
	year={2006},
	organization={ACM}
}

@article{schacke2013kronecker,
	title={On the Kronecker Product},
	author={Sch{\"a}cke, Kathrin},
	year={2013},
	publisher={Citeseer}
}