@article{2017arXiv171209473D,
 adsnote = {Provided by the SAO/NASA Astrophysics Data System},
 adsurl = {https://ui.adsabs.harvard.edu/abs/2017arXiv171209473D},
 archiveprefix = {arXiv},
 author = {{Diao}, Huaian and {Song}, Zhao and {Sun}, Wen and {Woodruff}, David P.},
 eid = {arXiv:1712.09473},
 eprint = {1712.09473},
 journal = {arXiv e-prints},
 keywords = {Computer Science - Data Structures and Algorithms, Computer Science - Machine Learning, Statistics - Machine Learning},
 month = {Dec},
 pages = {arXiv:1712.09473},
 primaryclass = {cs.DS},
 title = {{Sketching for Kronecker Product Regression and P-splines}},
 year = {2017}
}

@inproceedings{4781131,
 author = {T. G. Kolda and J. Sun},
 booktitle = {2008 Eighth IEEE International Conference on Data Mining},
 doi = {10.1109/ICDM.2008.89},
 issn = {1550-4786},
 keywords = {Internet;data mining;matrix decomposition;social networking (online);sparse matrices;telecommunication traffic;tensors;Internet traffic;Memory-Efficient Tucker;Tucker decompositions;intermediate blowup problem;large-scale social networks;multiaspect data mining;scalable tensor decompositions;sparse tensors;telecommunication records;tensor decompositions;tensor factorization;Data mining;Hardware;IP networks;Laboratories;Large-scale systems;Portable computers;Social network services;Sun;Telecommunication traffic;Tensile stress;Data mining;Sparse data;Tensor Decomposition;Tucker Decomposition},
 month = {Dec},
 number = {},
 pages = {363-372},
 title = {Scalable Tensor Decompositions for Multi-aspect Data Mining},
 volume = {},
 year = {2008}
}

@article{achlioptas2003database,
 author = {Achlioptas, Dimitris},
 journal = {Journal of computer and System Sciences},
 number = {4},
 pages = {671--687},
 publisher = {Elsevier},
 title = {Database-friendly random projections: {Johnson-Lindenstrauss} with binary coins},
 volume = {66},
 year = {2003}
}

@inproceedings{ailon2006approximate,
 author = {Ailon, Nir and Chazelle, Bernard},
 booktitle = {Proceedings of the thirty-eighth annual ACM symposium on Theory of Computing},
 organization = {ACM},
 pages = {557--563},
 title = {Approximate nearest neighbors and the fast {Johnson-Lindenstrauss} transform},
 year = {2006}
}

@article{ailon2009fast,
 author = {Ailon, Nir and Chazelle, Bernard},
 journal = {SIAM Journal on computing},
 number = {1},
 pages = {302--322},
 publisher = {SIAM},
 title = {The fast {Johnson--Lindenstrauss} transform and approximate nearest neighbors},
 volume = {39},
 year = {2009}
}

@article{alon1999space,
 author = {Alon, Noga and Matias, Yossi and Szegedy, Mario},
 journal = {Journal of Computer and system sciences},
 number = {1},
 pages = {137--147},
 publisher = {Elsevier},
 title = {The space complexity of approximating the frequency moments},
 volume = {58},
 year = {1999}
}

@article{anandkumar2014tensor,
 author = {Anandkumar, Animashree and Ge, Rong and Hsu, Daniel and Kakade, Sham M and Telgarsky, Matus},
 journal = {The Journal of Machine Learning Research},
 number = {1},
 pages = {2773--2832},
 publisher = {JMLR. org},
 title = {Tensor decompositions for learning latent variable models},
 volume = {15},
 year = {2014}
}

@book{anderson1995computational,
 author = {Anderson, John David and Wendt, J},
 publisher = {Springer},
 title = {Computational fluid dynamics},
 volume = {206},
 year = {1995}
}

@book{arora2009computational,
 author = {Arora, Sanjeev and Barak, Boaz},
 publisher = {Cambridge University Press},
 title = {Computational complexity: a modern approach},
 year = {2009}
}

@article{arriaga2006algorithmic,
 author = {Arriaga, Rosa I and Vempala, Santosh},
 journal = {Machine Learning},
 number = {2},
 pages = {161--182},
 publisher = {Springer},
 title = {An algorithmic theory of learning: Robust concepts and random projection},
 volume = {63},
 year = {2006}
}

@inproceedings{austin2016parallel,
 author = {Austin, Woody and Ballard, Grey and Kolda, Tamara G},
 booktitle = {Parallel and Distributed Processing Symposium, 2016 IEEE International},
 organization = {IEEE},
 pages = {912--922},
 title = {Parallel tensor compression for large-scale scientific data},
 year = {2016}
}

@inproceedings{baker2014methodology,
 author = {Baker, Allison H and Xu, Haiying and Dennis, John M and Levy, Michael N and Nychka, Doug and Mickelson, Sheri A and Edwards, Jim and Vertenstein, Mariana and Wegener, Al},
 booktitle = {Proceedings of the 23rd international symposium on High-performance parallel and distributed computing},
 organization = {ACM},
 pages = {203--214},
 title = {A methodology for evaluating the impact of data compression on climate simulation data},
 year = {2014}
}

@inproceedings{baskaran2012efficient,
 author = {Baskaran, Muthu and Meister, Beno{\^\i}t and Vasilache, Nicolas and Lethin, Richard},
 booktitle = {High Performance Extreme Computing (HPEC), 2012 IEEE Conference on},
 organization = {IEEE},
 pages = {1--6},
 title = {Efficient and scalable computations with sparse tensors},
 year = {2012}
}

@inproceedings{baskaran2016accelerated,
 author = {Baskaran, Muthu and Langston, M Harper and Ramananandro, Tahina and Bruns-Smith, David and Henretty, Tom and Ezick, James and Lethin, Richard},
 booktitle = {High Performance Extreme Computing Conference (HPEC), 2016 IEEE},
 organization = {IEEE},
 pages = {1--7},
 title = {Accelerated low-rank updates to tensor decompositions},
 year = {2016}
}

@article{battaglino2018practical,
 author = {Battaglino, Casey and Ballard, Grey and Kolda, Tamara G},
 journal = {SIAM Journal on Matrix Analysis and Applications},
 number = {2},
 pages = {876--901},
 publisher = {SIAM},
 title = {A practical randomized CP tensor decomposition},
 volume = {39},
 year = {2018}
}

@article{battaglino2019faster,
 author = {Battaglino, Casey and Ballard, Grey and Kolda, Tamara G},
 title = {FASTER PARALLEL TUCKER TENSOR DECOMPOSITION USING Randomization},
 year = {2019}
}

@article{bhojanapalli2015new,
 author = {Bhojanapalli, Srinadh and Sanghavi, Sujay},
 journal = {arXiv preprint arXiv:1502.05023},
 title = {A new sampling technique for tensors},
 year = {2015}
}

@inproceedings{bingham2001random,
 author = {Bingham, Ella and Mannila, Heikki},
 booktitle = {Proceedings of the seventh ACM SIGKDD international conference on Knowledge discovery and data mining},
 organization = {ACM},
 pages = {245--250},
 title = {Random projection in dimensionality reduction: applications to image and text data},
 year = {2001}
}

@article{boutsidis2013improved,
 author = {Boutsidis, Christos and Gittens, Alex},
 journal = {SIAM Journal on Matrix Analysis and Applications},
 number = {3},
 pages = {1301--1340},
 publisher = {SIAM},
 title = {Improved matrix algorithms via the subsampled randomized Hadamard transform},
 volume = {34},
 year = {2013}
}

@inproceedings{boutsidis2016optimal,
 author = {Boutsidis, Christos and Woodruff, David P and Zhong, Peilin},
 booktitle = {Proceedings of the forty-eighth annual ACM symposium on Theory of Computing},
 organization = {ACM},
 pages = {236--249},
 title = {Optimal principal component analysis in distributed and streaming models},
 year = {2016}
}

@inproceedings{chakaravarthy2017optimizing,
 author = {Chakaravarthy, Venkatesan T and Choi, Jee W and Joseph, Douglas J and Liu, Xing and Murali, Prakash and Sabharwal, Yogish and Sreedhar, Dheeraj},
 booktitle = {Parallel and Distributed Processing Symposium (IPDPS), 2017 IEEE International},
 organization = {IEEE},
 pages = {1038--1047},
 title = {On optimizing distributed tucker decomposition for dense tensors},
 year = {2017}
}

@inproceedings{choi2014dfacto,
 author = {Choi, Joon Hee and Vishwanathan, S},
 booktitle = {Advances in Neural Information Processing Systems},
 pages = {1296--1304},
 title = {DFacTo: Distributed factorization of tensors},
 year = {2014}
}

@article{cichocki2013tensor,
 author = {Cichocki, Andrzej},
 journal = {arXiv preprint arXiv:1305.0395},
 title = {Tensor decompositions: a new concept in brain data analysis?},
 year = {2013}
}

@inproceedings{clarkson2009numerical,
 author = {Clarkson, Kenneth L and Woodruff, David P},
 booktitle = {Proceedings of the forty-first annual ACM symposium on Theory of computing},
 organization = {ACM},
 pages = {205--214},
 title = {Numerical linear algebra in the streaming model},
 year = {2009}
}

@article{clarkson2017low,
 author = {Clarkson, Kenneth L and Woodruff, David P},
 journal = {Journal of the ACM (JACM)},
 number = {6},
 pages = {54},
 publisher = {ACM},
 title = {Low-rank approximation and regression in input sparsity time},
 volume = {63},
 year = {2017}
}

@article{cormode2008finding,
 author = {Cormode, Graham and Hadjieleftheriou, Marios},
 journal = {Proceedings of the VLDB Endowment},
 number = {2},
 pages = {1530--1541},
 publisher = {VLDB Endowment},
 title = {Finding frequent items in data streams},
 volume = {1},
 year = {2008}
}

@article{de2000best,
 author = {De Lathauwer, Lieven and De Moor, Bart and Vandewalle, Joos},
 journal = {SIAM journal on Matrix Analysis and Applications},
 number = {4},
 pages = {1324--1342},
 publisher = {SIAM},
 title = {On the best rank-1 and rank-(r 1, r 2,..., rn) approximation of higher-order tensors},
 volume = {21},
 year = {2000}
}

@article{de2000multilinear,
 author = {De Lathauwer, Lieven and De Moor, Bart and Vandewalle, Joos},
 journal = {SIAM journal on Matrix Analysis and Applications},
 number = {4},
 pages = {1253--1278},
 publisher = {SIAM},
 title = {A multilinear singular value decomposition},
 volume = {21},
 year = {2000}
}

@article{diao2017sketching,
 author = {Diao, Huaian and Song, Zhao and Sun, Wen and Woodruff, David P},
 journal = {arXiv preprint arXiv:1712.09473},
 title = {Sketching for kronecker product regression and P-splines},
 year = {2017}
}

@article{DKM06:Fast-Monte-Carlo-II,
 author = {Drineas, Petros and Kannan, Ravi and Mahoney, Michael W.},
 bdsk-url-1 = {http://dx.doi.org/10.1137/S0097539704442696},
 coden = {SMJCAT},
 date-added = {2016-06-25 20:45:41 +0000},
 date-modified = {2016-06-25 20:45:53 +0000},
 doi = {10.1137/S0097539704442696},
 fjournal = {SIAM Journal on Computing},
 issn = {0097-5397},
 journal = {SIAM J. Comput.},
 mrclass = {68W20 (65C05)},
 mrnumber = {2231644},
 number = {1},
 pages = {158--183},
 title = {Fast {M}onte {C}arlo algorithms for matrices. {II}. {C}omputing a low-rank approximation to a matrix},
 url = {http://dx.doi.org/10.1137/S0097539704442696},
 volume = {36},
 year = {2006}
}

@article{drineas2007randomized,
 author = {Drineas, Petros and Mahoney, Michael W},
 journal = {Linear algebra and its applications},
 number = {2-3},
 pages = {553--571},
 publisher = {Elsevier},
 title = {A randomized algorithm for a tensor-based generalization of the singular value decomposition},
 volume = {420},
 year = {2007}
}

@article{eckart1936approximation,
 author = {Eckart, Carl and Young, Gale},
 journal = {Psychometrika},
 number = {3},
 pages = {211--218},
 publisher = {Springer},
 title = {The approximation of one matrix by another of lower rank},
 volume = {1},
 year = {1936}
}

@article{erichson2017randomized,
 author = {Erichson, N Benjamin and Manohar, Krithika and Brunton, Steven L and Kutz, J Nathan},
 journal = {arXiv preprint arXiv:1703.09074},
 title = {Randomized CP tensor decomposition},
 year = {2017}
}

@inproceedings{feldman2016dimensionality,
 author = {D. Feldman and M. Volkov and D. Rus},
 booktitle = {Adv. Neural Information Processing Systems 29 (NIPS)},
 date-added = {2018-05-10 22:23:52 +0000},
 date-modified = {2018-05-10 22:23:52 +0000},
 title = {Dimensionality reduction of massive sparse datasets using coresets},
 year = {2016}
}

@article{flajolet1985probabilistic,
 author = {Flajolet, Philippe and Martin, G Nigel},
 journal = {Journal of computer and system sciences},
 number = {2},
 pages = {182--209},
 publisher = {Elsevier},
 title = {Probabilistic counting algorithms for data base applications},
 volume = {31},
 year = {1985}
}

@article{frieze2004fast,
 author = {Frieze, Alan and Kannan, Ravi and Vempala, Santosh},
 journal = {Journal of the ACM (JACM)},
 number = {6},
 pages = {1025--1041},
 publisher = {ACM},
 title = {Fast Monte-Carlo algorithms for finding low-rank approximations},
 volume = {51},
 year = {2004}
}

@book{garnier2009large,
 author = {Garnier, Eric and Adams, Nikolaus and Sagaut, Pierre},
 publisher = {Springer Science \& Business Media},
 title = {Large eddy simulation for compressible flows},
 year = {2009}
}

@article{ghashami2016frequent,
 author = {Ghashami, Mina and Liberty, Edo and Phillips, Jeff M and Woodruff, David P},
 journal = {SIAM Journal on Computing},
 number = {5},
 pages = {1762--1792},
 publisher = {SIAM},
 title = {Frequent directions: Simple and deterministic matrix sketching},
 volume = {45},
 year = {2016}
}

@book{golub2014scientific,
 author = {Golub, Gene H and Ortega, James M},
 publisher = {Elsevier},
 title = {Scientific computing: an introduction with parallel computing},
 year = {2014}
}

@article{halko2011finding,
 author = {Halko, Nathan and Martinsson, Per-Gunnar and Tropp, Joel A},
 journal = {SIAM review},
 number = {2},
 pages = {217--288},
 publisher = {SIAM},
 title = {Finding structure with randomness: Probabilistic algorithms for constructing approximate matrix decompositions},
 volume = {53},
 year = {2011}
}

@article{hurrell2013community,
 author = {Hurrell, James W and Holland, Marika M and Gent, Peter R and Ghan, Steven and Kay, Jennifer E and Kushner, Paul J and Lamarque, J-F and Large, William G and Lawrence, D and Lindsay, Keith and others},
 journal = {Bulletin of the American Meteorological Society},
 number = {9},
 pages = {1339--1360},
 publisher = {American Meteorological Society},
 title = {The community earth system model: a framework for collaborative research},
 volume = {94},
 year = {2013}
}

@article{kay2015community,
 author = {Kay, JE and Deser, C and Phillips, A and Mai, A and Hannay, C and Strand, G and Arblaster, JM and Bates, SC and Danabasoglu, G and Edwards, J and others},
 journal = {Bulletin of the American Meteorological Society},
 number = {8},
 pages = {1333--1349},
 title = {The Community Earth System Model (CESM) large ensemble project: A community resource for studying climate change in the presence of internal climate variability},
 volume = {96},
 year = {2015}
}

@inproceedings{kaya2016high,
 author = {Kaya, Oguz and U{\c{c}}ar, Bora},
 booktitle = {Parallel Processing (ICPP), 2016 45th International Conference on},
 organization = {IEEE},
 pages = {103--112},
 title = {High performance parallel algorithms for the tucker decomposition of sparse tensors},
 year = {2016}
}

@article{koch2010dynamical,
 author = {Koch, Othmar and Lubich, Christian},
 journal = {SIAM Journal on Matrix Analysis and Applications},
 number = {5},
 pages = {2360--2375},
 publisher = {SIAM},
 title = {Dynamical tensor approximation},
 volume = {31},
 year = {2010}
}

@inproceedings{kolda2008scalable,
 author = {Kolda, Tamara G and Sun, Jimeng},
 booktitle = {2008 Eighth IEEE International Conference on Data Mining},
 organization = {IEEE},
 pages = {363--372},
 title = {Scalable tensor decompositions for multi-aspect data mining},
 year = {2008}
}

@article{kolda2009tensor,
 author = {Kolda, Tamara G and Bader, Brett W},
 journal = {SIAM review},
 number = {3},
 pages = {455--500},
 publisher = {SIAM},
 title = {Tensor decompositions and applications},
 volume = {51},
 year = {2009}
}

@article{kroonenberg1980principal,
 author = {Kroonenberg, Pieter M and De Leeuw, Jan},
 journal = {Psychometrika},
 number = {1},
 pages = {69--97},
 publisher = {Springer},
 title = {Principal component analysis of three-mode data by means of alternating least squares algorithms},
 volume = {45},
 year = {1980}
}

@article{lapointe2015differential,
 author = {Lapointe, Simon and Savard, Bruno and Blanquart, Guillaume},
 journal = {Combustion and flame},
 number = {9},
 pages = {3341--3355},
 publisher = {Elsevier},
 title = {Differential diffusion effects, distributed burning, and local extinctions in high Karlovitz premixed flames},
 volume = {162},
 year = {2015}
}

@inproceedings{li2006very,
 author = {Li, Ping and Hastie, Trevor J and Church, Kenneth W},
 booktitle = {Proceedings of the 12th ACM SIGKDD international conference on Knowledge discovery and data mining},
 organization = {ACM},
 pages = {287--296},
 title = {Very sparse random projections},
 year = {2006}
}

@inproceedings{li2014turnstile,
 author = {Li, Yi and Nguyen, Huy L and Woodruff, David P},
 booktitle = {Proceedings of the forty-sixth annual ACM symposium on Theory of computing},
 organization = {ACM},
 pages = {174--183},
 title = {Turnstile streaming algorithms might as well be linear sketches},
 year = {2014}
}

@inproceedings{li2015input,
 author = {Li, Jiajia and Battaglino, Casey and Perros, Ioakeim and Sun, Jimeng and Vuduc, Richard},
 booktitle = {High Performance Computing, Networking, Storage and Analysis, 2015 SC-International Conference for},
 organization = {IEEE},
 pages = {1--12},
 title = {An input-adaptive and in-place approach to dense tensor-times-matrix multiply},
 year = {2015}
}

@inproceedings{malik2018low,
 author = {Malik, Osman Asif and Becker, Stephen},
 booktitle = {Advances in Neural Information Processing Systems},
 pages = {10116--10126},
 title = {Low-Rank Tucker Decomposition of Large Tensors Using TensorSketch},
 year = {2018}
}

@article{mardani2015subspace,
 author = {Mardani, Morteza and Mateos, Gonzalo and Giannakis, Georgios B},
 journal = {IEEE Transactions on Signal Processing},
 number = {10},
 pages = {2663--2677},
 publisher = {IEEE},
 title = {Subspace learning and imputation for streaming big data matrices and tensors},
 volume = {63},
 year = {2015}
}

@article{matsumoto1998mersenne,
 author = {Matsumoto, Makoto and Nishimura, Takuji},
 journal = {ACM Transactions on Modeling and Computer Simulation (TOMACS)},
 number = {1},
 pages = {3--30},
 publisher = {ACM},
 title = {Mersenne twister: a 623-dimensionally equidistributed uniform pseudo-random number generator},
 volume = {8},
 year = {1998}
}

@article{MRT11:Randomized-Algorithm,
 author = {Martinsson, Per-Gunnar and Rokhlin, Vladimir and Tygert, Mark},
 bdsk-url-1 = {http://dx.doi.org/10.1016/j.acha.2010.02.003},
 date-added = {2016-06-22 23:55:47 +0000},
 date-modified = {2016-06-22 23:56:37 +0000},
 doi = {10.1016/j.acha.2010.02.003},
 fjournal = {Applied and Computational Harmonic Analysis. Time-Frequency and Time-Scale Analysis, Wavelets, Numerical Algorithms, and Applications},
 issn = {1063-5203},
 journal = {Appl. Comput. Harmon. Anal.},
 mrclass = {65F30},
 mrnumber = {2737933},
 number = {1},
 pages = {47--68},
 title = {A randomized algorithm for the decomposition of matrices},
 url = {http://dx.doi.org/10.1016/j.acha.2010.02.003},
 volume = {30},
 year = {2011}
}

@inproceedings{munro1978selection,
 author = {Munro, J Ian and Paterson, Mike S},
 booktitle = {Foundations of Computer Science, 1978., 19th Annual Symposium on},
 organization = {IEEE},
 pages = {253--258},
 title = {Selection and sorting with limited storage},
 year = {1978}
}

@article{muthukrishnan2005data,
 author = {Muthukrishnan, Shanmugavelayutham and others},
 journal = {Foundations and Trends{\textregistered} in Theoretical Computer Science},
 number = {2},
 pages = {117--236},
 publisher = {Now Publishers, Inc.},
 title = {Data streams: Algorithms and applications},
 volume = {1},
 year = {2005}
}

@inproceedings{nguyen2009fast,
 author = {Nguyen, Nam H and Do, Thong T and Tran, Trac D},
 booktitle = {Proceedings of the forty-first annual ACM symposium on Theory of computing},
 organization = {ACM},
 pages = {215--224},
 title = {A fast and efficient algorithm for low-rank approximation of a matrix},
 year = {2009}
}

@article{nion2009adaptive,
 author = {Nion, Dimitri and Sidiropoulos, Nicholas D},
 journal = {IEEE Transactions on Signal Processing},
 number = {6},
 pages = {2299--2310},
 publisher = {IEEE},
 title = {Adaptive algorithms to track the PARAFAC decomposition of a third-order tensor},
 volume = {57},
 year = {2009}
}

@inproceedings{o2010low,
 author = {O'Hara, Michael J},
 booktitle = {Proceedings of the 2010 SIAM International Conference on Data Mining},
 organization = {SIAM},
 pages = {713--719},
 title = {On low-rank updates to the singular value and tucker decompositions},
 year = {2010}
}

@inproceedings{oh2017s,
 author = {Oh, Jinoh and Shin, Kijung and Papalexakis, Evangelos E and Faloutsos, Christos and Yu, Hwanjo},
 booktitle = {Proceedings of the Tenth ACM International Conference on Web Search and Data Mining},
 organization = {ACM},
 pages = {761--770},
 title = {S-hot: Scalable high-order tucker decomposition},
 year = {2017}
}

@article{oymak2015universality,
 author = {Oymak, Samet and Tropp, Joel A},
 journal = {Information and Inference: A Journal of the IMA},
 title = {Universality laws for randomized dimension reduction, with applications},
 year = {2015}
}

@article{papadimitriou2000latent,
 author = {Papadimitriou, Christos H and Raghavan, Prabhakar and Tamaki, Hisao and Vempala, Santosh},
 journal = {Journal of Computer and System Sciences},
 number = {2},
 pages = {217--235},
 publisher = {Elsevier},
 title = {Latent semantic indexing: A probabilistic analysis},
 volume = {61},
 year = {2000}
}

@article{papalexakis2013large,
 author = {Papalexakis, Evangelos E and Kang, U and Faloutsos, Christos and Sidiropoulos, Nicholas D and Harpale, Abhay},
 journal = {IEEE Data Eng. Bull.},
 title = {Large Scale Tensor Decompositions: Algorithmic Developments and Applications},
 year = {2013}
}

@article{phan2013fast,
 author = {Phan, Anh-Huy and Tichavsk{\`y}, Petr and Cichocki, Andrzej},
 journal = {IEEE Transactions on Signal Processing},
 number = {19},
 pages = {4834--4846},
 publisher = {IEEE},
 title = {Fast alternating LS algorithms for high order CANDECOMP/PARAFAC tensor factorizations},
 volume = {61},
 year = {2013}
}

@article{rudelson2012row,
 author = {Rudelson, Mark},
 journal = {Advances in Mathematics},
 number = {6},
 pages = {3199--3231},
 publisher = {Elsevier},
 title = {Row products of random matrices},
 volume = {231},
 year = {2012}
}

@inproceedings{sarlos2006improved,
 author = {Sarlos, Tamas},
 booktitle = {Foundations of Computer Science, 2006. FOCS'06. 47th Annual IEEE Symposium on},
 organization = {IEEE},
 pages = {143--152},
 title = {Improved approximation algorithms for large matrices via random projections},
 year = {2006}
}

@inproceedings{smith2018streaming,
 author = {Smith, Shaden and Huang, Kejun and Sidiropoulos, Nicholas D and Karypis, George},
 booktitle = {Proceedings of the 2018 SIAM International Conference on Data Mining},
 organization = {SIAM},
 pages = {81--89},
 title = {Streaming Tensor Factorization for Infinite Data Sources},
 year = {2018}
}

@article{sun2008incremental,
 author = {Sun, Jimeng and Tao, Dacheng and Papadimitriou, Spiros and Yu, Philip S and Faloutsos, Christos},
 journal = {ACM Transactions on Knowledge Discovery from Data (TKDD)},
 number = {3},
 pages = {11},
 publisher = {ACM},
 title = {Incremental tensor analysis: Theory and applications},
 volume = {2},
 year = {2008}
}

@inproceedings{sun2018tensor,
 author = {Sun, Yiming and Guo, Yang and Tropp, Joel A and Udell, Madeleine},
 booktitle = {NeurIPS Workshop on Relational Representation Learning},
 journal = {NeurIPS Workshop on Relational Representation Learning},
 title = {Tensor Random Projection for Low Memory Dimension Reduction},
 url = {https://r2learning.github.io/assets/papers/CameraReadySubmission%2041.pdf},
 year = {2018}
}

@article{sun2019low,
 author = {Sun, Yiming and Guo, Yang and Luo, Charlene and Tropp, Joel A and Udell, Madeleine},
 journal = {In preparation},
 title = {Low Rank Tucker Approximation of a Tensor from Streaming Data},
 year = {2019}
}

@book{thomas2013numerical,
 author = {Thomas, James William},
 publisher = {Springer Science \& Business Media},
 title = {Numerical partial differential equations: finite difference methods},
 volume = {22},
 year = {2013}
}

@article{tropp2011improved,
 author = {Tropp, Joel A},
 journal = {Advances in Adaptive Data Analysis},
 number = {01n02},
 pages = {115--126},
 publisher = {World Scientific},
 title = {Improved analysis of the subsampled randomized Hadamard transform},
 volume = {3},
 year = {2011}
}

@article{tropp2016randomized,
 author = {Tropp, Joel A and Yurtsever, Alp and Udell, Madeleine and Cevher, Volkan},
 journal = {arXiv preprint arXiv:1609.00048},
 title = {Randomized single-view algorithms for low-rank matrix approximation},
 year = {2016}
}

@inproceedings{tropp2017fixed,
 author = {Tropp, Joel A and Yurtsever, Alp and Udell, Madeleine and Cevher, Volkan},
 booktitle = {Advances in Neural Information Processing Systems},
 pages = {1225--1234},
 title = {Fixed-rank approximation of a positive-semidefinite matrix from streaming data},
 year = {2017}
}

@article{tropp2017practical,
 author = {Tropp, Joel A and Yurtsever, Alp and Udell, Madeleine and Cevher, Volkan},
 journal = {SIAM Journal on Matrix Analysis and Applications},
 number = {4},
 pages = {1454--1485},
 publisher = {SIAM},
 title = {Practical Sketching Algorithms for Low-Rank Matrix Approximation},
 volume = {38},
 year = {2017}
}

@techreport{tropp2018more,
 address = {Pasadena, California},
 author = {Tropp, Joel A and Yurtsever, Alp and Udell, Madeleine and Cevher, Volkan},
 group = {ACM},
 institution = {California Institute of Technology},
 number = {2018-01},
 title = {More Practical Sketching Algorithms for Low-Rank Matrix Approximation},
 year = {2018}
}

@article{tropp2019streaming,
 archiveprefix = {arXiv},
 author = {Tropp, Joel A and Yurtsever, Alp and Udell, Madeleine and Cevher, Volkan},
 eprint = {1902.08651},
 journal = {Submitted to SISC},
 title = {Streaming Low-Rank Matrix Approximation with an Application to Scientific Simulation},
 year = {2019}
}

@inproceedings{tsourakakis2010mach,
 author = {Tsourakakis, Charalampos E},
 booktitle = {Proceedings of the 2010 SIAM International Conference on Data Mining},
 organization = {SIAM},
 pages = {689--700},
 title = {Mach: Fast randomized tensor decompositions},
 year = {2010}
}

@article{tucker1966some,
 author = {Tucker, Ledyard R},
 journal = {Psychometrika},
 number = {3},
 pages = {279--311},
 publisher = {Springer},
 title = {Some mathematical notes on three-mode factor analysis},
 volume = {31},
 year = {1966}
}

@unpublished{upadhyay2016fast,
 author = {J. Upadhyay},
 date-added = {2016-05-02 19:48:41 +0000},
 date-modified = {2016-05-02 19:51:25 +0000},
 month = {Apr.},
 note = {Available at \url{http://arXiv.org/abs/1604.01429}},
 title = {Fast and Space-optimal Low-rank Factorization in the Streaming Model With Application in Differential Privacy},
 year = {2016}
}

@inproceedings{vasilescu2002multilinear,
 author = {Vasilescu, M Alex O and Terzopoulos, Demetri},
 booktitle = {European Conference on Computer Vision},
 organization = {Springer},
 pages = {447--460},
 title = {Multilinear analysis of image ensembles: Tensorfaces},
 year = {2002}
}

@book{vempala2005random,
 author = {Vempala, Santosh S},
 publisher = {American Mathematical Soc.},
 title = {The random projection method},
 volume = {65},
 year = {2005}
}

@inproceedings{wang2015fast,
 author = {Wang, Yining and Tung, Hsiao-Yu and Smola, Alexander J and Anandkumar, Anima},
 booktitle = {Advances in Neural Information Processing Systems},
 pages = {991--999},
 title = {Fast and guaranteed tensor decomposition via sketching},
 year = {2015}
}

@inproceedings{woodring2011revisiting,
 author = {Woodring, Jonathan and Mniszewski, Susan and Brislawn, Christopher and DeMarle, David and Ahrens, James},
 booktitle = {Large Data Analysis and Visualization (LDAV), 2011 IEEE Symposium on},
 organization = {IEEE},
 pages = {31--38},
 title = {Revisiting wavelet compression for large-scale climate data using JPEG 2000 and ensuring data precision},
 year = {2011}
}

@article{woodruff2014data,
 author = {Woodruff, David P},
 journal = {Bulletin of EATCS},
 number = {114},
 title = {Data streams and applications in computer science},
 volume = {3},
 year = {2014}
}

@article{woodruff2014sketching,
 author = {Woodruff, David P and others},
 journal = {Foundations and Trends{\textregistered} in Theoretical Computer Science},
 number = {1--2},
 pages = {1--157},
 publisher = {Now Publishers, Inc.},
 title = {Sketching as a tool for numerical linear algebra},
 volume = {10},
 year = {2014}
}

@article{woolfe2008fast,
 author = {Woolfe, Franco and Liberty, Edo and Rokhlin, Vladimir and Tygert, Mark},
 journal = {Applied and Computational Harmonic Analysis},
 number = {3},
 pages = {335--366},
 publisher = {Elsevier},
 title = {A fast randomized algorithm for the approximation of matrices},
 volume = {25},
 year = {2008}
}

@article{xu2015convergence,
 author = {Xu, Yangyang},
 journal = {arXiv preprint arXiv:1504.00538},
 title = {On the convergence of higher-order orthogonality iteration},
 year = {2015}
}

@inproceedings{yu2015accelerated,
 author = {Yu, Rose and Cheng, Dehua and Liu, Yan},
 booktitle = {International Conference on Machine Learning},
 pages = {238--247},
 title = {Accelerated online low rank tensor learning for multivariate spatiotemporal streams},
 year = {2015}
}

@article{zhang2016randomized,
 author = {Zhang, Jiani and Saibaba, Arvind K and Kilmer, Misha and Aeron, Shuchin},
 journal = {arXiv preprint arXiv:1609.07086},
 title = {A Randomized Tensor Singular Value Decomposition based on the t-product},
 year = {2016}
}

@article{zhou2014decomposition,
 author = {Zhou, Guoxu and Cichocki, Andrzej and Xie, Shengli},
 journal = {arXiv preprint arXiv:1412.1885},
 title = {Decomposition of big tensors with low multilinear rank},
 year = {2014}
}

@inproceedings{zhou2016accelerating,
 author = {Zhou, Shuo and Vinh, Nguyen Xuan and Bailey, James and Jia, Yunzhe and Davidson, Ian},
 booktitle = {Proceedings of the 22nd ACM SIGKDD International Conference on Knowledge Discovery and Data Mining},
 organization = {ACM},
 pages = {1375--1384},
 title = {Accelerating online cp decompositions for higher order tensors},
 year = {2016}
}


@article{vannieuwenhoven2012new,
	title={A new truncation strategy for the higher-order singular value decomposition},
	author={Vannieuwenhoven, Nick and Vandebril, Raf and Meerbergen, Karl},
	journal={SIAM Journal on Scientific Computing},
	volume={34},
	number={2},
	pages={A1027--A1052},
	year={2012},
	publisher={SIAM}
}


@article{ballester2019tthresh,
	title={TTHRESH: Tensor Compression for Multidimensional Visual Data},
	author={Ballester-Ripoll, Rafael and Lindstrom, Peter and Pajarola, Renato},
	journal={IEEE transactions on visualization and computer graphics},
	year={2019},
	publisher={IEEE}
}


@article{vannieuwenhoven2012new,
	title={A new truncation strategy for the higher-order singular value decomposition},
	author={Vannieuwenhoven, Nick and Vandebril, Raf and Meerbergen, Karl},
	journal={SIAM Journal on Scientific Computing},
	volume={34},
	number={2},
	pages={A1027--A1052},
	year={2012},
	publisher={SIAM}
}

@article{de2008tensor,
	title={Tensor rank and the ill-posedness of the best low-rank approximation problem},
	author={De Silva, Vin and Lim, Lek-Heng},
	journal={SIAM Journal on Matrix Analysis and Applications},
	volume={30},
	number={3},
	pages={1084--1127},
	year={2008},
	publisher={SIAM}
}


@article{hackbusch2014numerical,
	title={Numerical tensor calculus},
	author={Hackbusch, Wolfgang},
	journal={Acta numerica},
	volume={23},
	pages={651--742},
	year={2014},
	publisher={Cambridge University Press}
}
